@misc{beckmann,
  title = {Spatial Locality and Granularity Change in Caching}, 
  author = {Nathan Beckmann and Phillip B Gibbons and Charles McGuffey},
  year = {2022},
  eprint = {2205.14543},
  archivePrefix = {arXiv},
  primaryClass = {cs.DS}
}

@PHDTHESIS{curtis,
  author = {Maxx Curtis},
  title = {Simulating the Granularity-Change Caching Problem},
  school = {Reed College},
  year = {2022},
  type = {Undergraduate thesis}
}
